%% PPGCC - CCN - UFPI

%% This BibTeX bibliography file was created using BibDesk.
%% http://bibdesk.sourceforge.net/

%% Exemplo de arquivo .bib a ser utilizado para gerar a Biliografia

%===========================================================================%
% Capitulo 01                                                               %
%===========================================================================%

@misc{cap01_ref1,
    howpublished = {Disponível em: \url{https://www.inss.gov.br/acesso-a-informacao/institucional/}},
    year         = {2020},
    note         = {Acessado em: 19 de Fevereiro de 2020},
    title        = {Instituto Nacional do Seguro Social},
    author       = {{INSS}}
}

@misc{cap01_ref2,
    howpublished = {Disponível em: \url{https://portal.dataprev.gov.br/dataprev/quem-somos}},
    year         = {2020},
    note         = {Acessado em: 19 de Fevereiro de 2020},
    title        = {DATAPREV: Quem Somos},
    author       = {{DATAPREV}}
}

@phdthesis{cap01_ref3,
    author       = {Silva, Carlos Patrick Alves}, 
    title        = {Uma Metodologia para Aferição da Acurácia de Modelos de Projeção de Longo Prazo para a Previdência Social no Brasil},
    school       = {Universidade Federal do Pará - Programa de Pós-Graduação em Engenharia Elétrica},
    year         = 2017,
    address      = {Belém, Pará, Brasil}
}

@book{cap01_ref4,
    title     = {Prática Atuarial na Previdência Social.},
    author    = {Plamondon, P. and others},
    year      = {2002},
    publisher = {Ministério da Previdência Social},
    series    = {Coleção Previdência Social},
    volume    = {33},
    isbn      = {978-85-88219-39-7},
}

@phdthesis{cap01_ref5,
    author       = {Paulo Henrique Cardoso}, 
    title        = {Ciência de dados aplicada a dados governamentais abertos sob a ótica da Ciência da Informação},
    school       = {Universidade Federal do Rio de Janeiro - Escola de Comunicação},
    year         = 2019,
    address      = {Rio de Janeiro, RJ, Brasil}
}
%===========================================================================%
% Capitulo 02                                                               %
%===========================================================================%
@book{cap02_ref1,
    author    = {Grus, Joel},
    title     = {Data Science do Zero: Primeiras Regras com Python},
    year      = {2016},
    isbn      = {978-85-508-0387-6},
    edition   = {1st},
    publisher = {Alta Books},
} 

@book{cap02_ref2,
    author    = {VanderPlas, Jake},
    title     = {Python Data Science Handbook: Essential Tools for Working with Data},
    year      = {2016},
    isbn      = {978-1-491-91205-8},
    edition   = {1st},
    publisher = {O'Reilly Media, Inc.},
} 

@book{cap02_ref3,
    title     = {Data Science and Big Data Analytics: Discovering, Analyzing, Visualizing and Presenting Data},
    year      = {2015},
    isbn      = {978-1-118-87613-8},
    edition   = {1st},
    publisher = {Wiley Publishing},
    author    = "EMC"
} 

@book{cap02_ref4,
    title     = {Analytics in a Big Data World: The Essential Guide to Data Science and Its Applications},
    year      = {2014},
    isbn      = {978-1-118-89274-9},
    edition   = {1st},
    publisher = {Wiley Publishing},
    author    = "Bart Baesens"
} 

@book{cap02_ref5,
    author    = {Han, Jiawei and Kamber, Micheline and Pei, Jian},
    title     = {Data Mining: Concepts and Techniques},
    year      = {2011},
    edition   = {3rd},
    publisher = {Morgan Kaufmann Publishers Inc.}
} 

@book{cap02_ref6,
    author    = {Gorunescu, Florin},
    title     = {Data Mining: Concepts, Models and Techniques},
    year      = {2011},
    publisher = {Springer},
    isbn      = {978-3-642-19720-8},
} 

@article{cap02_ref7,
    title   = "Data science, big data and granular mining",
    journal = "Pattern Recognition Letters",
    volume  = "67",
    pages   = "109 - 112",
    year    = "2015",
    note    = "Granular Mining and Knowledge Discovery",
    issn    = "0167-8655",
    doi     = "https://doi.org/10.1016/j.patrec.2015.08.001",
    author  = "Sankar K. Pal and Saroj K. Meher and Andrzej Skowron"
}

@article{cap02_ref8,
    title   = "Financial data science",
    journal = "Statistics & Probability Letters",
    volume  = "136",
    pages   = "160 - 164",
    year    = "2018",
    note    = "The role of Statistics in the era of big data",
    issn    = "0167-7152",
    doi     = "https://doi.org/10.1016/j.spl.2018.02.024",
    author  = "Paolo Giudici",
}

@article{cap02_ref9,
    author  = {Provost, Foster and Fawcett, Tom},
    year    = {2013},
    month   = {03},
    pages   = {51-59},
    title   = {Data Science and Its Relationship to Big Data and Data-Driven Decision Making},
    volume  = {1},
    journal = {Big Data},
    doi     = {10.1089/big.2013.1508}
}

@article{cap02_ref10,
    title   = "Social media big data analytics: A survey",
    journal = "Computers in Human Behavior",
    volume  = "101",
    pages   = "417 - 428",
    year    = "2019",
    issn    = "0747-5632",
    doi     = "https://doi.org/10.1016/j.chb.2018.08.039",
    author  = "Norjihan Abdul Ghani and Suraya Hamid and Ibrahim Abaker Targio Hashem and Ejaz Ahmed",
}

@book{cap02_ref11,
    author    = {Solange Oliveira Rezende},
    title     = {Sistemas inteligentes: Fundamentos e Aplicações},
    year      = {2003},
    edition   = {1rd},
    publisher = {Manole Ltda}
} 

@book{cap02_ref12,
     author    = {Fayyad, Usama M. and Piatetsky-Shapiro, Gregory and Smyth, Padhraic},
     title     = {Advances in Knowledge Discovery and Data Mining},
     year      = {1996},
     isbn      = {0-262-56097-6},
     pages     = {1--34},
     publisher = {AAAI Press},
} 

@article{cap02_ref13,
    author = {Klemettinen, Mika},
    year   = {1999},
    month  = {05},
    pages  = {},
    title  = {A Knowledge Discovery Methodology for Telecommunication Network Alarm Databases}
}

@article{cap02_ref14,
    author  ="Wu, Xindong and others",
    title   = "Top 10 algorithms in data mining",
    journal = "Knowledge and Information Systems",
    year    = "2008",
    volume  = "14",
    number  = "1",
    pages   = "1--37",
    issn    = "0219-3116",
    doi     = "10.1007/s10115-007-0114-2"
}

@article{cap02_ref15,
    title   = "The knowing organization: How organizations use information to construct meaning, create knowledge and make decisions",
    journal = "International Journal of Information Management",
    volume  = "16",
    number  = "5",
    pages   = "329 - 340",
    year    = "1996",
    issn    = "0268-4012",
    doi     = "https://doi.org/10.1016/0268-4012(96)00020-5",
    author  = "C.W. Choo"
}

@book{cap02_ref16,
    author    = {Olivia Parr Rud},
    title     = {Business Intelligence Success Factors: Tools for Aligning Your Business in the Global Economy},
    year      = {2009},
    isbn      = {0-470-48840-9},
    pages     = {256},
    publisher = {John Wiley \& Sons},
} 

@book{cap02_ref17,
    author    = {Maheshwari, Anil},
    title     = {Business Intelligence and Data Mining},
    year      = {2015},
    isbn      = {978-1-63157-121-3},
    pages     = {162},
    publisher = {Business Expert Press},
} 

@book{cap02_ref18,
    title     = {Data Analysis and Visualization Using Python: Analyze Data to Create Visualizations for BI Systems},
    author    = {Embarak, O.},
    isbn      = {978-1-48424-109-7},
    year      = {2018},
    publisher = {Apress}
}

@book{cap02_ref19,
    title     = {Variabilit{\`a} e mutabilit{\`a}: contributo allo studio delle distribuzioni e delle relazioni statistiche},
    author    = {Gini, C.},
    number    = {pt. 1},
    series    = {Studi economico-giuridici pubblicati per cura della facolt{\`a} di Giurisprudenza della R. Universit{\`a} di Cagliari},
    year      = {1912},
    publisher = {Tipogr. di P. Cuppini}
}

@book{cap02_ref20,
    title     = {The Gini Methodology: A Primer on a Statistical Methodology},
    author    = {Yitzhaki, S. and Schechtman, E.},
    isbn      = {9781461447207},
    series    = {Springer Series in Statistics},
    year      = {2012},
    publisher = {Springer New York}
}

@article{cap02_ref21,
    author  = {Rodolfo Hoffmann},
    title   = {Queda da Desigualdade de Renda no Brasil de 1995 a 2005, e Delimitação dos Relativamente Ricos em 2005},
    journal = {Revista Ipea},
    address = {Brasília},
    volume  = 1,
    year    = 2006
}

@article{cap02_ref22,
    author  = {Rodolfo Hoffmann},
    title   = {Desigualdade da distribuição da renda no Brasil: a contribuição de aposentadorias e pensões e de outras parcelas do rendimento domiciliar per capita},
    journal = {Economia e Sociedade},
    address = {Campinas},
    pages   = {213-231},
    number  = 1,
    volume  = 18,
    year    = 2009
}

@article{cap02_ref23,
    author  = {Thomas, Vinod and Wang, Yan and Fan, Xibo},
    title   = {Measuring Education Inequality: Gini Coefficients of Education},
    year    = {2001},
    journal = {World Bank Policy Research Working},
    url     = {https://ssrn.com/abstract=258182}
}

@book{cap02_ref24,
    title     = {Dados Abertos Conectados: Em busca da Web do Conhecimento},
    author    = {Isotani, S. and Bittencourt, I.I.},
    isbn      = {9788575224496},
    year      = {2015},
    publisher = {Novatec}
}

@misc{cap02_ref25,
    howpublished = {Disponível em: \url{http://opendefinition.org/}},
    year         = {2019},
    note         = {Acessado em: 6 de Novembro de 2019},
    title        = {The Open Definition},
    author       = {{OPEN DEFINITION}}
}

@misc{cap02_ref26,
    howpublished = {Disponível em: \url{http://opendatahandbook.org/guide/en/}},
    year         = {2019},
    note         = {Acessado em: 10 de Novembro 2019},
    title        = {The Open Data Handbook},
    author       = {{OPEN DATA HANDBOOK}}
}

@misc{cap02_ref27,
     title  = {Transparency and Open Government},
     author = {OBAMA, B.},
     year   = {2008},
     note   = {Washington, United States of America: The White House}
}

@misc{cap02_ref28,
    howpublished = {Disponível em: \url{https://www.data.gov/}},
    year         = {2019},
    note         = {Acessado em: 7 de Novembro de 2019},
    title        = {The home of the U.S. Government’s open data},
    author       = {{USA}}
}

@misc{cap02_ref29,
    howpublished = {Disponível em: \url{http://dados.gov.br/}},
    year         = {2019},
    note         = {Acessado em: 7 de Novembro de 2019},
    title        = {Portal Brasileiro de Dados Abertos},
    author       = {{Brasil}}
}

@misc{cap02_ref30,
    howpublished = {Disponível em: \url{https://www.opengovpartnership.org/}},
    year         = {2019},
    note         = {Acessado em: 4 de Novembro de 2019},
    title        = {Open Government Partnership},
    author       = {{OPG}}
}

@misc{cap02_ref31,
    howpublished = {Disponível em: \url{http://www.planalto.gov.br/ccivil_03/_ato2011-2014/2011/lei/l12527.htm}},
    year         = {2011},
    note         = {Acessado em: 6 de Novembro de 2019},
    title        = {Lei de Acesso a Informação - LAI},
    author       = {{Brasil}}
}

@article{cap02_ref32,
    author    = {Cao, Longbing},
    title     = {Data Science: A Comprehensive Overview},
    year      = {2017},
    publisher = {Association for Computing Machinery},
    address   = {New York, NY, USA},
    volume    = {50},
    number    = {3},
    issn      = {0360-0300},
    doi       = {10.1145/3076253},
    journal   = {ACM Comput. Surv.},
    month     = jun,
    numpages  = {42}
}

@article{cap02_ref33,
    author    = {Cao, Longbing},
    title     = {Data science and analytics: A new era},
    year      = {2016},
    publisher = {International Journal of Data Science and Analytics},
    doi       = {10.1007/s41060-016-0006-1},
    journal   = {Springer}
}

@misc{cap02_ref34,
    howpublished = {Disponível em: \url{http://www.jds-online.com/about}},
    year         = {2019},
    note         = {Acessado em: 21 de Novembro de 2019},
    title        = {About JDS},
    author       = {{JOURNAL OF DATA SCIENCE}}
}

@misc{cap02_ref35,
    howpublished = {Disponível em: \url{https:
//hackernoon.com/the-ai-hierarchy-of-needs-18f111fcc007}},
    year         = {2020},
    note         = {Acessado em: 20 de Fevereiro de 2020},
    title        = {The AI Hierarchy of Needs},
    author       = {Rogati, Monica}
}

@misc{cap02_ref36,
    howpublished = {Disponível em: \url{https://blog.okfn.org/2013/10/03/defining-open-data/}},
    year         = {2020},
    note         = {Acessado em: 20 de Fevereiro de 2020},
    title        = {Defining Open Data – Open Knowledge Foundation},
    author       = {{OKF}}
}

@article{cap02_ref37,
    author    = {MANYIKA, J. and others},
    title     = {Open data: Unlocking innovation and performance with liquid information},
    year      = {2013},
    journal   = {McKinsey Global Institute},
    volume    = 21
}

@article{cap02_ref38,
    author    = { Marijn   Janssen  and  Yannis   Charalabidis  and  Anneke   Zuiderwijk },
    title     = {Benefits, Adoption Barriers and Myths of Open Data and Open Government},
    journal   = {Information Systems Management},
    volume    = {29},
    number    = {4},
    pages     = {258-268},
    year      = {2012},
    publisher = {Taylor \& Francis},
    doi       = {10.1080/10580530.2012.716740},
}

@book{cap02_ref39,
    title     = {Estat{\'\i}stica B{\'a}sica},
    author    = {Wilton De Oliveira Bussab, Pedro A Morettin},
    isbn      = {9788547220228},
    year      = {2017},
    publisher = {Saraiva},
    pages     = 568
}

@article{cap02_ref40,
    author    = {Mukaka, M. M.},
    title     = {Statistics corner: A guide to appropriate use of correlation coefficient in medical research.},
    journal   = {Malawi medical journal : the journal of Medical Association of Malawi},
    volume    = {24},
    number    = {3},
    pages     = {69-71},
    year      = {2012},
}

@Inbook{cap02_ref41,
    author    = "Benesty, Jacob and Chen, Jingdong and Huang, Yiteng and Cohen, Israel",
    title     = "Pearson Correlation Coefficient",
    bookTitle = "Noise Reduction in Speech Processing",
    year      = "2009",
    publisher = "Springer Berlin Heidelberg",
    address   = "Berlin, Heidelberg",
    isbn      = "978-3-642-00296-0",
}

@article{cap02_ref42,
    author  = {KENDALL, M. G.},
    title   = "{A New Measure of Rank Correlation}",
    journal = {Biometrika},
    volume  = {30},
    number  = {1-2},
    pages   = {81-93},
    year    = {1938},
    month   = {06},
    issn    = {0006-3444},
    doi     = {10.1093/biomet/30.1-2.81},
}


%===========================================================================%
% Capitulo 03                                                               
@mastersthesis{cap03_ref1,
    author = {Aurea Milene Teixeira Barbosa dos Santos},
    school = {Universidade Federal do Pará - Programa de Pós Graduação em Engenharia Elétrica},
    title = {{Mineração de Dados Educacionais: Um estudo sobre os Dados Socioeconômicos na Educação na Base de Dados do INEP}},
    year = {2019}
}

@mastersthesis{cap03_ref2,
    author = {Luiz Cláudio Buzeti},
    school = {PPGGCO - UNICESUMAR},
    title = {{Aplicação de Metodologia de Descoberta de Conhecimento em Dados Públicos: Explorando os Sistemas DATASUS e ALICEWEB}},
    year = {2017}
}

@article{cap03_ref3,
    author  = {Carina Diane Nakatani-Macedo and Flávio Kauê Fiuza-Moura and Carlos Roberto Ferreira and Marcia Regina Gabardo da Camara},
    doi     = {10.5433/2317-627X.2015v3n1p27},
    journal = {Economia e Região},
    number  = {1},
    volume  = {3},
    pages   = {27-38},
    title   = {{Population aging in the state of Parana and impact of pensions and retirements in income}},
    year    = {2015}
}

@article{cap03_ref4,
	author = {Carlos de Freitas e Romys Barbosa},
	title = {A Previdência Social e as Distorções na Distribuição de Renda},
	journal = {Pesquisa \& Debate},
	volume = {26},
	number = {1(47)},
	year = {2015},
	issn = {1806-9029}
}

@book{cap03_ref5,
     title       = {Impacto Fiscal da Demografia na Previdência Social},
     author      = {Rogério Nagamine Costanzi and Graziela Ansiliero},
     year        = {2017},
     publisher   = {Instituto de Pesquisa Econômica Aplicada},
     isbn        = {1415-4765},
     note        = {Capítulo 20},
     series      = {Texto para Discussão},
}

@book{cap03_ref6,
     title       = {Reforma da Previdência Social},
     author      = {Rogério Nagamine Costanzi and Aline Diniz Amaral and Cicero Rafael Dias and Graziela Ansiliero and Luis Eduardo Afonso and Otávio José Guerci Sidone},
     year        = {2018},
     publisher   = {Instituto de Pesquisa Econômica Aplicada},
     isbn        = {1415-4765},
     series      = {Texto para Discussão},
}

@book{cap03_ref7,
    title     = {Reforma previdenci{\'a}ria em 2019: elementos para uma tomada de decis{\~a}o},
    author    = {Giambiagi, Fabio and Pinto, Felipe and Rothmuller, Leandro},
    year      = {2018},
    publisher = {Banco Nacional de Desenvolvimento Econ{\^o}mico e Social},
    series    = {Texto para Discussão},
    pages     = {48},
}


%===========================================================================%
% Capitulo 04                                                               %
%===========================================================================%
@misc{cap04_ref1,
    howpublished = {Disponível em: \url{https://data.worldbank.org/indicator/SI.POV.GINI}},
    year         = {2019},
    note         = {Acessado em: 21 de Novembro de 2019},
    title        = {GINI index (World Bank estimate)},
    author       = {{THE WORLD BANK}}
}

@article{cap04_ref2,
    author  = {Pedro Herculano Guimarães Ferreira de Souza and Marcelo Medeiros},
    title   = {{The concentration of income at the top in Brazil, 2006-2014}},
    year    = 2017,
    journal = {International Policy Centre for Inclusive Growth},
    type    = {Working Papers},
    number  = {163},
}

@book{cap04_ref3,
    title     = {Human Development Report 2015: Work for Human Development},
    author    = {{UNITED NATIONS}},
    isbn      = {978-92-1-126398-5},
    year      = {2015},
    publisher = {UNDP}
}

@misc{cap04_ref4,
    howpublished = {Disponível em: \url{http://www.ipeadata.gov.br/Default.aspx}},
    year         = {2019},
    note         = {Acessado em: 22 de Novembro de 2019},
    title        = {Ipea Data},
    author       = {{IPEA}}
}

@misc{cap04_ref5,
    howpublished = {Disponível em: \url{https://www.ibge.gov.br/estatisticas/sociais/populacao/17270-pnad-continua.html?=&t=downloads}},
    year         = {2019},
    note         = {Acessado em: 22 de Novembro de 2019},
    title        = {Pesquisa Nacional por Amostra de Domicílios Contínua - PNAD Contínua},
    author       = {{PNAD}}
}

@article{cap04_ref6,
    address = {Brasília},
    author  = {{MINISTÉRIO DA FAZENDA}},
    issn    = {2318-5759},
    journal = {Informe de Previdência Social},
    title   = {{Evolução da Proteção Previdenciária no Brasil - 2017}},
    year   = {2018}
}

@article{cap04_ref7,
    author  = {Carlos Roberto Ferreira},
    issn    = {},
    journal = {Revista Brasileira de Economia},
    title   = {{Aposentadorias e distribuição da renda no Brasil: uma nota sobre o período 1981 a 2001}},
    year    = {2006},
    pages   = {247-260},
    volume  = {6},
    number  = {3}
}

@article{cap04_ref8,
    address = {Belo Horizonte},
    author  = {Rodolfo Hoffmann and Eugênia Troncoso Leone},
    issn    = {},
    journal = {Revista Brasileira de Economia},
    title   = {{Participação da mulher no mercado de trabalho e desigualdade da renda domiciliar per capita no Brasil: 1981-2002}},
    year    = {2004},
    pages   = {35-38},
    volume  = {14},
    number  = {2}
}

@book{cap04_ref9,
    address   = {São Paulo},
    author    = {Brian Nicholson},
    issn      = {},
    publisher = {Geração Editorial},
    title     = {{A previdência injusta: como o fim dos privilégios pode mudar o Brasil}},
    year      = {2007}
}

@inproceedings{cap04_ref10,
    address      = {Brasília - DF},
    author       = {Baptistella, Juliana Carolina Frigo and Inforzato de Souza de Cássia Solange and Ferreira, Carlos Roberto},
    organization = {{I Circuito de Debates Acadêmicos}},
    publisher    = {IPEA},
    title        = {{Concentração de Renda nas Macrorregiões Brasileiras: Estudo no Período 2003-2006}},
    year         = {2011}
}

@mastersthesis{cap04_ref11,
    author = {Nakatani-Macedo, Carina Diane},
    school = {Universidade Estadual de Londrina},
    title = {{O Comportamento dos Rendimentos das Aposentadorias e Pensões na Renda Domiciliar Per Capita - Brasil e Suas Regiões - 2004 a 2012}},
    year = {2015}
}

@book{cap04_ref12,
    address   = {São Paulo},
    author    = {SOLÓN, A.},
    isbn      = {978-85-62102-32-5},
    publisher = {ANFIP},
    title     = {{A Previdência Social e a Economia dos Municípios}},
    year      = {2019},
    edition   = {7},
    pager     = {245}
}

@book{cap04_ref13,
    author    = {Giambiagi, Fabio and Moreira, Maur{\'{i}}cio Mesquita},
    publisher = {Banco Nacional de Desenvolvimento Econ{\^{o}}mico e Social},
    title     = {{A Economia Brasileira nos Anos 90}},
    year      = {1999},
    pages     = {496},
    isbn      = {8587545019}
}

@book{cap04_ref14,
    author    = {IBGE},
    publisher = {Instituto Brasileiro de Geografia e Estat{\'{i}}stica},
    title     = {{Sinopse do Censo Demogr{\'{a}}fico : 2010}},
    year      = {2011}
}

@article{cap04_ref15,
   title     = {{Minimum comparable areas for the period 1872-2010: an aggregation of Brazilian municipalities}},
   journal   = {{Estudos Econômicos (São Paulo)}},
   author={Ehrl, Philipp},
   ISSN      = {0101-4161},
   volume    = {47},
   year      = {2017},
   month     = {03},
   pages     = {215 - 229},
   publisher = {scielo},
   }
   
 @article{cap04_ref16,
   title     = {{Polígonos de Voronoi como alternativa aos problemas das áreas mínimas comparáveis: uma análise das mudanças populacionais na região norte do Brasil}},
   author={Silva, Renilson Rodrigues da and Bacha, Carlos José Caetano},
   ISSN      = {0102-3098},
   volume    = {28},
   year      = {2011},
   month     = {06},
   pages     = {133 - 151},
   publisher = {scielo},
   }

@misc{cap04_ref17,
    howpublished = {Disponível em: \url{https://atlasescolar.ibge.gov.br/images/atlas/mapas_brasil/brasil_evolucao_malha_municipal.pdf}},
    year         = {2019},
    note         = {Acessado em: 6 de Dezembro de 2019},
    title        = {Evolução da Malha Territorial},
    author       = {{IBGE}}
}

@misc{cap04_ref19,
     title  = {A Escala de Desigualdade: Qual foi o Impacto da Crise sobre a Distribuição de Renda a Pobreza},
     author = {NERI, M. C.},
     year   = {2019},
     pages  = {34},
     note   = {Rio de Janeiro, RJ - Fundação Getulio Vargas (FGV)}
}

@article{cap04_ref20,
   author    = {P. A. P. Moran},
   journal   = {Biometrika},
   number    = {1/2},
   pages     = {17-23},
   publisher = {[Oxford University Press, Biometrika Trust]},
   title     = {Notes on Continuous Stochastic Phenomena},
   volume    = {37},
   year      = {1950}
}

%===========================================================================%
% Capitulo 05                                                               %
%===========================================================================%



@article{cap05_ref3,
    author      = {{THE WORLD BANK}},
    title       = {Averting The Old Age Crisis: Policies To Protect The Old And Promote Growth},
    year        = {1994},
    journal     = {Policy Research Report},
    institution = {Word Bank},
}

@misc{cap05_ref4,
    author       = {{UNITED NATIONS}},
    title        = {World Population Prospects: The 2017 Revision},
    howpublished = {Disponível em: \url{https://population.un.org/wpp/Publications/Files/WPP2017_Wallchart.pdf}},
    note         = {Acessado em: 21 de Janeiro de 2020},
    year         = {2017}
}

@book{cap05_ref5,
    author    = {IBGE},
    edition   = {2th},
    publisher = {Série Relatórios Metodológicos},
    title     = {Projeções da População: Brasil e Unidades da Federação},
    year      = {2018}
}

@techreport{cap05_ref6,
    address     = {Campinas},
    author      = {Rossi, Pedro and Mello, Gilherme},
    institution = {UNICAMP},
    pages       = {5},
    title       = {{Choque recessivo e a maior crise da hist{\'{o}}ria: A economia brasileira em marcha {\`{a}} r{\'{e}}}},
    url         = {http://www3.eco.unicamp.br/images/arquivos/NotaCecon1_Choque_recessivo_2.pdf},
    year        = {2017}
}

@misc{cap05_ref7,
    author       = {{SECRETÁRIA DE POLÍTICA ECONÔMICA}},
    pages        = {18},
    title        = {{Relat{\'{o}}rio de An{\'{a}}lise Econ{\^{o}}mica dos Gastos P{\'{u}}blicos Federais Evolu{\c{c}}{\~{a}}o dos Gastos P{\'{u}}blicos Federais no Brasil: Uma an{\'{a}}lise para o per{\'{i}}odo 2006-15}},
    howpublished = {Disponível em: \url{http://www.fazenda.gov.br/centrais-de-conteudos/publicacoes/relatorio-de-analise-economica-dos-gastos-publicos-federais/arquivos/2016/relatorio_gasto_publico_federal_site.pdf}},
    note         = {Acessado em: 20 de Janeiro de 2020},
    year         = {2016}
}

@misc{cap05_ref8,
     title  = {{Previd{\^{e}}ncia Social no Brasil: Propostas para uma Reforma de Longo Prazo}},
     author = {Holland, M{\'{a}}rcio and M{\'{a}}laga, Tom{\'{a}}s},
     year   = {2018},
     pages  = {29},
     note   = {S{\~{a}}o Paulo School of Economics - Fundação Getulio Vargas (FGV)}
}

@article{cap05_ref9,
    author  = {Silva, Carlos Patrick Alves and Puty, Claudio Alberto Castelo Branco and da Silva, Marcelino Silva and de Carvalho, Solon Ven{\^{a}}ncio and Franc{\^{e}}s, Carlos Renato Lisboa},
    doi     = {10.1371/journal.pone.0184353},
    journal = {PLoS ONE},
    number  = {8},
    pages   = {1-20},
    title   = {{Financial Forecasts Accuracy in Brazil's Social Security System}},
    volume  = {12},
    year    = {2017}
}

@techreport{cap05_ref10,
    address = {Campinas},
    author  = {Bastos, Pedro Paulo Zahluth and Knudsen, Ricardo and Santos, Andr{\'{e}} Luiz Passos and Earp, Henrique S{\'{a}}},
    institution = {UNICAMP},
    pages   = {17},
    title   = {{A Falsifica{\c{c}}{\~{a}}o nas Contas Oficiais da Reforma da Previd{\^{e}}ncia: O Caso do Regime Geral de Previd{\^{e}}ncia Social}},
    url     = {https://www.eco.unicamp.br/images/destaque/A-Falsificacao-nas-Contas-Oficiais-da-Reforma-da-Previdencia-Nota-CECON8.pdf},
    note    = {Acessado em: 21 de Janeiro de 2020},
    year    = {2019}
}

@article{cap05_ref11,
    title    = {A Previd{\^e}ncia social brasileira},
    author   = {Camarano, Ana Am{\'e}lia and Fernandes, Daniele},
    year     = {2016},
    publisher= {Instituto de Pesquisa Econ{\^o}mica Aplicada (Ipea)}
}

@book{cap05_ref12,
    title    = {The Data Warehouse ETL Toolkit: Practical Techniques for Extracting, Cleaning, Conforming, and Delivering Data},
    author   = {Kimball, R. and Caserta, J.},
    isbn     = {9781118079683},
    year     = {2011},
    publisher= {Wiley}
}

@article{cap05_ref13,
    title  = "A proposed model for data warehouse ETL processes",
    journal = "Journal of King Saud University - Computer and Information Sciences",
    volume  = "23",
    number  = "2",
    pages   = "91 - 104",
    year    = "2011",
    issn    = "1319-1578",
    doi     = "https://doi.org/10.1016/j.jksuci.2011.05.005",
    author  = "Shaker H. Ali El-Sappagh and Abdeltawab M. Ahmed Hendawi and Ali Hamed El Bastawissy",
}

@book{cap05_ref14,
     title     = {Anuário Estatístico da PRevidência Social},
     author    = {IBGE},
     year      = {2017},
     issn      = {0104-8139},
     pages     = {908},
     volume    = {24},
     publisher = {DATAPREV}
}

\def\UrlBreaks{\do\/\do-}

@techreport{cap05_ref16,
    author  = {Denise Lobato Gentil},
    institution = {ANFIP},
    pages   = {32},
    title   = {Nota Técnica: Uma contribuição à avaliação das incosistências do modelo de projeção atuarial do governo federal e dos impactos de exclusão social da PEC 06/2019},
    url     = {https://www.anfip.org.br/publicacoes/documentos/uma-contribuicao-a-avaliacao-das-inconsistencias-do-modelo-de-projecao-atuarial-do-governo-federal-e-dos-impactos-de-exclusao-social-da-pec-06-2019/},
    year    = {2019}
}
